@article{yu2023multimodal,
  title={Multimodal Federated Learning via Contrastive Representation Ensemble},
  author={Yu, Qiying and Liu, Yang and Wang, Yimu and Xu, Ke and Liu, Jingjing},
  journal={arXiv preprint arXiv:2302.08888},
  year={2023}
}